@article{cifuentes2020air,
  title={Air temperature forecasting using machine learning techniques: a review},
  author={Cifuentes, Jenny and Marulanda, Geovanny and Bello, Antonio and Reneses, Javier},
  journal={Energies},
  volume={13},
  number={16},
  pages={4215},
  year={2020},
  publisher={MDPI}
}
@article{abdel2004hourly,
  title={Hourly temperature forecasting using abductive networks},
  author={Abdel-Aal, Radwan E},
  journal={Engineering Applications of Artificial Intelligence},
  volume={17},
  number={5},
  pages={543--556},
  year={2004},
  publisher={Elsevier}
}
@INPROCEEDINGS{2019AGUFMGC33A..05P,
       author = {{Prabhat}, M. and {Kashinath}, K. and {Wehner}, M.~F. and {Collins}, W.~D.},
        title = "{Deep Learning for Extreme Weather Detection}",
     keywords = {0555 Neural networks, fuzzy logic, machine learning, COMPUTATIONAL GEOPHYSICS, 1626 Global climate models, GLOBAL CHANGE, 1942 Machine learning, INFORMATICS, 4313 Extreme events, NATURAL HAZARDS},
    booktitle = {AGU Fall Meeting Abstracts},
         year = 2019,
       volume = {2019},
        month = dec,
          eid = {GC33A-05},
        pages = {GC33A-05},
       adsurl = {https://ui.adsabs.harvard.edu/abs/2019AGUFMGC33A..05P},
      adsnote = {Provided by the SAO/NASA Astrophysics Data System}
}
@article{salinas2020deepar,
  title={DeepAR: Probabilistic forecasting with autoregressive recurrent networks},
  author={Salinas, David and Flunkert, Valentin and Gasthaus, Jan and Januschowski, Tim},
  journal={International Journal of Forecasting},
  volume={36},
  number={3},
  pages={1181--1191},
  year={2020},
  publisher={Elsevier}
}

@article{bib1,
  author		= "Campbell, S. L. and Gear, C. W.",
  title			= "The index of general nonlinear {D}{A}{E}{S}",
  journal		= "Numer. {M}ath.",
  volume		= "72",
  number		= "2",
  pages			= "173--196",
  year			= "1995"
}
@inproceedings{li2019deep,
  title={Deep learning with long short-term memory networks for air temperature predictions},
  author={Li, Cong and Zhang, Yaonan and Zhao, Guohui},
  booktitle={2019 International Conference on Artificial Intelligence and Advanced Manufacturing (AIAM)},
  pages={243--249},
  year={2019},
  organization={IEEE}
}
@article{thi2020deep,
  title={Deep learning-based maximum temperature forecasting assisted with meta-learning for hyperparameter optimization},
  author={Thi Kieu Tran, Trang and Lee, Taesam and Shin, Ju-Young and Kim, Jong-Suk and Kamruzzaman, Mohamad},
  journal={Atmosphere},
  volume={11},
  number={5},
  pages={487},
  year={2020},
  publisher={MDPI}
}


@article{xiao2019spatiotemporal,
  title={A spatiotemporal deep learning model for sea surface temperature field prediction using time-series satellite data},
  author={Xiao, Changjiang and Chen, Nengcheng and Hu, Chuli and Wang, Ke and Xu, Zewei and Cai, Yaping and Xu, Lei and Chen, Zeqiang and Gong, Jianya},
  journal={Environmental Modelling \& Software},
  volume={120},
  pages={104502},
  year={2019},
  publisher={Elsevier}
}
@article{shrivastava2022deep,
  title={Deep learning model for temperature prediction: an empirical study},
  author={Shrivastava, Virendra Kumar and Shrivastava, Aastik and Sharma, Nonita and Mohanty, Sachi Nandan and Pattanaik, Chinmaya Ranjan},
  journal={Modeling Earth Systems and Environment},
  pages={1--14},
  year={2022},
  publisher={Springer}
}
@inproceedings{hrithik2022classification,
  title={Classification of Fruit Plants Leaf and Comparative Analysis of Machine Learning and Deep Learning Algorithms},
  author={Hrithik, Aaryan Kumar and Kumar, Vipin},
  booktitle={2022 International Conference on Computing, Communication, and Intelligent Systems (ICCCIS)},
  pages={673--680},
  year={2022},
  organization={IEEE}
}
@article{singh2011time,
  title={Time series based temperature prediction using back propagation with genetic algorithm technique},
  author={Singh, Shaminder and Bhambri, Pankaj and Gill, Jasmeen},
  journal={International Journal of Computer Science Issues (IJCSI)},
  volume={8},
  number={5},
  pages={28},
  year={2011},
  publisher={Citeseer}
}
@article{XIAO2019111358,
title = {Short and mid-term sea surface temperature prediction using time-series satellite data and LSTM-AdaBoost combination approach},
journal = {Remote Sensing of Environment},
volume = {233},
pages = {111358},
year = {2019},
issn = {0034-4257},
doi = {https://doi.org/10.1016/j.rse.2019.111358},
url = {https://www.sciencedirect.com/science/article/pii/S0034425719303773},
author = {Changjiang Xiao and Nengcheng Chen and Chuli Hu and Ke Wang and Jianya Gong and Zeqiang Chen},
}
@article{xu2019improving,
  title={Improving prediction performance for indoor temperature in public buildings based on a novel deep learning method},
  author={Xu, Chengliang and Chen, Huanxin and Wang, Jiangyu and Guo, Yabin and Yuan, Yue},
  journal={Building and Environment},
  volume={148},
  pages={128--135},
  year={2019},
  publisher={Elsevier}
}
@article{tabrizi2021hourly,
  title={Hourly road pavement surface temperature forecasting using deep learning models},
  author={Tabrizi, Sepideh Emami and Xiao, Kai and Th{\'e}, Jesse Van Griensven and Saad, Muhammad and Farghaly, Hani and Yang, Simon X and Gharabaghi, Bahram},
  journal={Journal of Hydrology},
  volume={603},
  pages={126877},
  year={2021},
  publisher={Elsevier}
}
@article{qiu2021river,
  title={River water temperature forecasting using a deep learning method},
  author={Qiu, Rujian and Wang, Yuankun and Rhoads, Bruce and Wang, Dong and Qiu, Wenjie and Tao, Yuwei and Wu, Jichun},
  journal={Journal of Hydrology},
  volume={595},
  pages={126016},
  year={2021},
  publisher={Elsevier}
}
@article{guillen2020deep,
  title={A deep learning model to predict lower temperatures in agriculture},
  author={Guill{\'e}n-Navarro, Miguel A and Mart{\'\i}nez-Espa{\~n}a, Raquel and Llanes, Antonio and Bueno-Crespo, Andr{\'e}s and Cecilia, Jos{\'e} M},
  journal={Journal of Ambient Intelligence and Smart Environments},
  volume={12},
  number={1},
  pages={21--34},
  year={2020},
  publisher={IOS Press}
}
@inproceedings{hao2023temperature,
  title={A Temperature Correction Method Based On Deep Learning},
  author={Hao, Chenfei and Du, Xinyu and Wang, Jiarun},
  booktitle={Journal of Physics: Conference Series},
  volume={2450},
  number={1},
  pages={012072},
  year={2023},
  organization={IOP Publishing}
}
@article{zhang2022multi,
  title={Multi-element deep learning fusion correction method for numerical weather prediction},
  author={Zhang, Yanbiao and Chen, Mingxuan and Han, Lei and Song, Linye and Yang, Lu},
  journal={Acta Meteorol. Sin},
  volume={80},
  pages={153--167},
  year={2022}
}
@article{wang2017predrnn,
  title={Predrnn: Recurrent neural networks for predictive learning using spatiotemporal lstms},
  author={Wang, Yunbo and Long, Mingsheng and Wang, Jianmin and Gao, Zhifeng and Yu, Philip S},
  journal={Advances in neural information processing systems},
  volume={30},
  year={2017}
}
@article{chen2021study,
  title={A study on radar echo nowcasting based on convolutional gated recurrent unit neural network},
  author={Chen, Xunlai and Liu, Jun and Zheng, Q and Li, X and Liu, J},
  journal={Plateau Meteorol},
  volume={40},
  pages={1--13},
  year={2021}
}
@article{chen2021correction,
  title={A Correction Method of Hourly Precipitation Forecast Based on Convolutional Neural Network},
  author={Chen, JP and Feng, YD and Meng, WG and others},
  journal={Meteorological Monthly},
  volume={47},
  number={1},
  pages={60--70},
  year={2021}
}
@article{graves2012long,
  title={Long short-term memory},
  author={Graves, Alex and Graves, Alex},
  journal={Supervised sequence labelling with recurrent neural networks},
  pages={37--45},
  year={2012},
  publisher={Springer}
}
@article{zwart2023evaluating,
  title={Evaluating deep learning architecture and data assimilation for improving water temperature forecasts at unmonitored locations},
  author={Zwart, Jacob A and Diaz, Jeremy and Hamshaw, Scott and Oliver, Samantha and Ross, Jesse C and Sleckman, Margaux and Appling, Alison P and Corson-Dosch, Hayley and Jia, Xiaowei and Read, Jordan and others},
  journal={Frontiers in Water},
  volume={5},
  pages={1184992},
  year={2023},
  publisher={Frontiers}
}
@article{gong2022temperature,
  title={Temperature forecasting by deep learning methods},
  author={Gong, Bing and Langguth, Michael and Ji, Yan and Mozaffari, Amirpasha and Stadtler, Scarlet and Mache, Karim and Schultz, Martin G},
  journal={Geoscientific Model Development},
  volume={15},
  number={23},
  pages={8931--8956},
  year={2022},
  publisher={Copernicus GmbH}
}
@inproceedings{darapaneni2021food,
  title={Food temperature analysis and forecasting},
  author={Darapaneni, Narayana and Garimella, Nandan and Vadlamani, Santhosh and Dileep, Sulekha and Manchala, Swaroop and Paduri, Anwesh Reddy and Komanduri, Dinakar and Nagisetti, Prajwal},
  booktitle={2021 IEEE World AI IoT Congress (AIIoT)},
  pages={0143--0149},
  year={2021},
  organization={IEEE}
}
@article{miotto2018deep,
  title={Deep learning for healthcare: review, opportunities and challenges},
  author={Miotto, Riccardo and Wang, Fei and Wang, Shuang and Jiang, Xiaoqian and Dudley, Joel T},
  journal={Briefings in bioinformatics},
  volume={19},
  number={6},
  pages={1236--1246},
  year={2018},
  publisher={Oxford University Press}
}
@article{dehghani2021enhancing,
  title={Enhancing energo-exergo-economic performance of Kalina cycle for low-to high-grade waste heat recovery: Design and optimization through deep learning methods},
  author={Dehghani, Mohammad Javad},
  journal={Applied Thermal Engineering},
  volume={195},
  pages={117221},
  year={2021},
  publisher={Elsevier}
}
@article{qin2017dual,
  title={A dual-stage attention-based recurrent neural network for time series prediction},
  author={Qin, Yao and Song, Dongjin and Chen, Haifeng and Cheng, Wei and Jiang, Guofei and Cottrell, Garrison},
  journal={arXiv preprint arXiv:1704.02971},
  year={2017}
}
@article{shi2015convolutional,
  title={Convolutional LSTM network: A machine learning approach for precipitation nowcasting},
  author={Shi, Xingjian and Chen, Zhourong and Wang, Hao and Yeung, Dit-Yan and Wong, Wai-Kin and Woo, Wang-chun},
  journal={Advances in neural information processing systems},
  volume={28},
  year={2015}
}
@article{karpatne2017theory,
  title={Theory-guided data science: A new paradigm for scientific discovery from data},
  author={Karpatne, Anuj and Atluri, Gowtham and Faghmous, James H and Steinbach, Michael and Banerjee, Arindam and Ganguly, Auroop and Shekhar, Shashi and Samatova, Nagiza and Kumar, Vipin},
  journal={IEEE Transactions on knowledge and data engineering},
  volume={29},
  number={10},
  pages={2318--2331},
  year={2017},
  publisher={IEEE}
}
@inproceedings{salman2015weather,
  title={Weather forecasting using deep learning techniques},
  author={Salman, Afan Galih and Kanigoro, Bayu and Heryadi, Yaya},
  booktitle={2015 international conference on advanced computer science and information systems (ICACSIS)},
  pages={281--285},
  year={2015},
  organization={Ieee}
}
@article{kumar2021opportunities,
  title={Opportunities of artificial intelligence and machine learning in the food industry},
  author={Kumar, Indrajeet and Rawat, Jyoti and Mohd, Noor and Husain, Shahnawaz},
  journal={Journal of Food Quality},
  volume={2021},
  pages={1--10},
  year={2021},
  publisher={Hindawi Limited}
}
@article{mohan2018deep,
  title={Deep learning based weighted SOM to forecast weather and crop prediction for agriculture application},
  author={Mohan, Pushpa and Patil, Kiran Kumari},
  journal={Int. J. Intell. Eng. Syst},
  volume={11},
  pages={167--176},
  year={2018}
}
@article{hou2022prediction,
  title={Prediction of hourly air temperature based on CNN--LSTM},
  author={Hou, Jingwei and Wang, Yanjuan and Zhou, Ji and Tian, Qiong},
  journal={Geomatics, Natural Hazards and Risk},
  volume={13},
  number={1},
  pages={1962--1986},
  year={2022},
  publisher={Taylor \& Francis}
}
@article{miao2020application,
  title={Application of LSTM for short term fog forecasting based on meteorological elements},
  author={Miao, Kai-chao and Han, Ting-ting and Yao, Ye-qing and Lu, Hui and Chen, Peng and Wang, Bing and Zhang, Jun},
  journal={Neurocomputing},
  volume={408},
  pages={285--291},
  year={2020},
  publisher={Elsevier}
}