@article{bond2012effects,
  title={The effects of electrode misplacement on cliniciansâ€™ interpretation of the standard 12-lead electrocardiogram},
  author={Bond, Raymond R and Finlay, DD and Nugent, CD and Breen, Cathal and Guldenring, D and Daly, MJ},
  journal={European journal of internal medicine},
  volume={23},
  number={7},
  pages={610--615},
  year={2012},
  publisher={Elsevier}
}
@article{rjoob2022machine,
  title={Machine learning and the electrocardiogram over two decades: Time series and meta-analysis of the algorithms, evaluation metrics and applications},
  author={Rjoob, Khaled and Bond, Raymond and Finlay, Dewar and McGilligan, Victoria and Leslie, Stephen J and Rababah, Ali and Iftikhar, Aleeha and Guldenring, Daniel and Knoery, Charles and McShane, Anne and others},
  journal={Artificial Intelligence in Medicine},
  pages={102381},
  year={2022},
  publisher={Elsevier}
}
@article{purushotham2018benchmarking,
  title={Benchmarking deep learning models on large healthcare datasets},
  author={Purushotham, Sanjay and Meng, Chuizheng and Che, Zhengping and Liu, Yan},
  journal={Journal of biomedical informatics},
  volume={83},
  pages={112--134},
  year={2018},
  publisher={Elsevier}
}
@article{sajjad2020novel,
  title={A novel CNN-GRU-based hybrid approach for short-term residential load forecasting},
  author={Sajjad, Muhammad and Khan, Zulfiqar Ahmad and Ullah, Amin and Hussain, Tanveer and Ullah, Waseem and Lee, Mi Young and Baik, Sung Wook},
  journal={Ieee Access},
  volume={8},
  pages={143759--143768},
  year={2020},
  publisher={IEEE}
}
@article{qiu2018variety,
  title={Variety identification of single rice seed using hyperspectral imaging combined with convolutional neural network},
  author={Qiu, Zhengjun and Chen, Jian and Zhao, Yiying and Zhu, Susu and He, Yong and Zhang, Chu},
  journal={Applied Sciences},
  volume={8},
  number={2},
  pages={212},
  year={2018},
  publisher={MDPI}
}
@inproceedings{dey2017gate,
  title={Gate-variants of gated recurrent unit (GRU) neural networks},
  author={Dey, Rahul and Salem, Fathi M},
  booktitle={2017 IEEE 60th international midwest symposium on circuits and systems (MWSCAS)},
  pages={1597--1600},
  year={2017},
  organization={IEEE}
}
@article{yao2021interpretation,
  title={Interpretation of electrocardiogram heartbeat by CNN and GRU},
  author={Yao, Guoliang and Mao, Xiaobo and Li, Nan and Xu, Huaxing and Xu, Xiangyang and Jiao, Yi and Ni, Jinhong},
  journal={Computational and Mathematical Methods in Medicine},
  volume={2021},
  year={2021},
  publisher={Hindawi}
}
@article{wang2023inter,
  title={Inter-patient ECG characteristic wave detection based on convolutional neural network combined with transformer},
  author={Wang, Duoduo and Qiu, Lishen and Zhu, Wenliang and Dong, Yanfang and Zhang, Huimin and Chen, Yuhang and others},
  journal={Biomedical Signal Processing and Control},
  volume={81},
  pages={104436},
  year={2023},
  publisher={Elsevier}
}
@article{midani2023deeparr,
  title={DeepArr: An investigative tool for arrhythmia detection using a contextual deep neural network from electrocardiograms (ECG) signals},
  author={Midani, Wissal and Ouarda, Wael and Ayed, Mounir Ben},
  journal={Biomedical Signal Processing and Control},
  volume={85},
  pages={104954},
  year={2023},
  publisher={Elsevier}
}
@article{liu2021deep,
  title={Deep learning in ECG diagnosis: A review},
  author={Liu, Xinwen and Wang, Huan and Li, Zongjin and Qin, Lang},
  journal={Knowledge-Based Systems},
  volume={227},
  pages={107187},
  year={2021},
  publisher={Elsevier}
}
@article{pollard2000acute,
  title={The acute myocardial infarction},
  author={Pollard, Timothy J},
  journal={Primary Care: Clinics in Office Practice},
  volume={27},
  number={3},
  pages={631--649},
  year={2000},
  publisher={Elsevier}
}

@article{de2011weighted,
  title={Weighted conditional random fields for supervised interpatient heartbeat classification},
  author={De Lannoy, Ga{\"e}l and Fran{\c{c}}ois, Damien and Delbeke, Jean and Verleysen, Michel},
  journal={IEEE Transactions on Biomedical Engineering},
  volume={59},
  number={1},
  pages={241--247},
  year={2011},
  publisher={IEEE}
}
@book{chua1998cnn,
  title={CNN: A paradigm for complexity},
  author={Chua, Leon O},
  volume={31},
  year={1998},
  publisher={World Scientific}
}
@article{lecun1995convolutional,
  title={Convolutional networks for images, speech, and time series},
  author={LeCun, Yann and Bengio, Yoshua and others},
  journal={The handbook of brain theory and neural networks},
  volume={3361},
  number={10},
  pages={1995},
  year={1995},
  publisher={Citeseer}
}
@inproceedings{xu2018raim,
  title={Raim: Recurrent attentive and intensive model of multimodal patient monitoring data},
  author={Xu, Yanbo and Biswal, Siddharth and Deshpande, Shriprasad R and Maher, Kevin O and Sun, Jimeng},
  booktitle={Proceedings of the 24th ACM SIGKDD international conference on Knowledge Discovery \& Data Mining},
  pages={2565--2573},
  year={2018}
}
@article{bahrami2022deep,
  title={Deep learning forecasts the occurrence of sleep apnea from single-lead ECG},
  author={Bahrami, Mahsa and Forouzanfar, Mohamad},
  journal={Cardiovascular Engineering and Technology},
  volume={13},
  number={6},
  pages={809--815},
  year={2022},
  publisher={Springer}
}
@article{kumar2022deep,
  title={Deep Learning for Air Quality Prediction after COVID-19 Pandemic Based on Pollutant and Meteorological Data},
  author={Kumar, Vipin and Ahmad, Naushad},
  journal={Available at SSRN 4292346},
  year={2022}
}
@article{naqvi2018deep,
  title={Deep learning-based gaze detection system for automobile drivers using a NIR camera sensor},
  author={Naqvi, Rizwan Ali and Arsalan, Muhammad and Batchuluun, Ganbayar and Yoon, Hyo Sik and Park, Kang Ryoung},
  journal={Sensors},
  volume={18},
  number={2},
  pages={456},
  year={2018},
  publisher={MDPI}
}
@inproceedings{kaneko2016deep,
  title={A deep learning approach for the prediction of retail store sales},
  author={Kaneko, Yuta and Yada, Katsutoshi},
  booktitle={2016 IEEE 16th International conference on data mining workshops (ICDMW)},
  pages={531--537},
  year={2016},
  organization={IEEE}
}
@article{strodthoff2020deep,
  title={Deep learning for ECG analysis: Benchmarks and insights from PTB-XL},
  author={Strodthoff, Nils and Wagner, Patrick and Schaeffter, Tobias and Samek, Wojciech},
  journal={IEEE Journal of Biomedical and Health Informatics},
  volume={25},
  number={5},
  pages={1519--1528},
  year={2020},
  publisher={IEEE}
}
@article{mewada20232d,
  title={2D-wavelet encoded deep CNN for image-based ECG classification},
  author={Mewada, Hiren},
  journal={Multimedia Tools and Applications},
  pages={1--17},
  year={2023},
  publisher={Springer}
}
@article{kumari2022machine,
  title={Machine learning-based time series models for effective CO2 emission prediction in India},
  author={Kumari, Surbhi and Singh, Sunil Kumar},
  journal={Environmental Science and Pollution Research},
  pages={1--16},
  year={2022},
  publisher={Springer}
}
@article{singkran2010determining,
  title={Determining water conditions in the Northeastern rivers of Thailand using time series and water quality index models},
  author={Singkran, N and Yenpiem, A and Sasitorn, P},
  journal={Journal of Sustainable Energy \& Environment},
  volume={1},
  pages={47--58},
  year={2010}
}
@article{hammad2021automated,
  title={Automated detection of shockable ECG signals: A review},
  author={Hammad, Mohamed and Kandala, Rajesh NVPS and Abdelatey, Amira and Abdar, Moloud and Zomorodi-Moghadam, Mariam and San Tan, Ru and Acharya, U Rajendra and P{\l}awiak, Joanna and Tadeusiewicz, Ryszard and Makarenkov, Vladimir and others},
  journal={Information Sciences},
  volume={571},
  pages={580--604},
  year={2021},
  publisher={Elsevier}
}
@article{li2022hybrid,
  title={A hybrid approach for forecasting ship motion using CNN--GRU--AM and GCWOA},
  author={Li, Ming-Wei and Xu, Dong-Yang and Geng, Jing and Hong, Wei-Chiang},
  journal={Applied Soft Computing},
  volume={114},
  pages={108084},
  year={2022},
  publisher={Elsevier}
}
@article{prakarsha2022time,
  title={Time series signal forecasting using artificial neural networks: An application on ECG signal},
  author={Prakarsha, Kandukuri Ratna and Sharma, Gaurav},
  journal={Biomedical Signal Processing and Control},
  volume={76},
  pages={103705},
  year={2022},
  publisher={Elsevier}
}
@article{dudukcu2023temporal,
  title={Temporal Convolutional Networks with RNN approach for chaotic time series prediction},
  author={Dudukcu, Hatice Vildan and Taskiran, Murat and Taskiran, Zehra Gulru Cam and Yildirim, Tulay},
  journal={Applied Soft Computing},
  volume={133},
  pages={109945},
  year={2023},
  publisher={Elsevier}
}
@article{ye2005chaotic,
  title={Chaotic time series forecasting using online least squares support vector machine regression},
  author={Ye, Mei-Ying and Wang, Xiao-Dong and Zhang, Hao-Ran},
  year={2005}
}
@article{zhang2007neural,
  title={A neural network ensemble method with jittered training data for time series forecasting},
  author={Zhang, G Peter},
  journal={Information Sciences},
  volume={177},
  number={23},
  pages={5329--5346},
  year={2007},
  publisher={Elsevier}
}
@article{rahul2020exploratory,
  title={Exploratory data analysis based efficient QRS-complex detection technique with minimal computational load},
  author={Rahul, Jagdeep and Sora, Marpe and Sharma, Lakhan Dev},
  journal={Physical and Engineering Sciences in Medicine},
  volume={43},
  pages={1049--1067},
  year={2020},
  publisher={Springer}
}
@article{maharaj2007discrimination,
  title={Discrimination of locally stationary time series using wavelets},
  author={Maharaj, Elizabeth A and Alonso, Andr{\'e}s M},
  journal={Computational Statistics \& Data Analysis},
  volume={52},
  number={2},
  pages={879--895},
  year={2007},
  publisher={Elsevier}
}
@ARTICLE{Fortunato2010,
  author  = {Fortunato, S.},
  title   = {Community detection in graphs},
  journal = {Phys. Rep.-Rev. Sec. Phys. Lett.}, 
  volume  = {486},
  year    = {2010},
  pages   = {75-174}
}

@ARTICLE{NewmanGirvan2004,
  author  = {Newman, M. E. J. and Girvan, M.},
  title   = {Finding and evaluating community structure in networks},
  journal = {Phys. Rev. E.}, 
  volume  = {69},
  year    = {2004},
  pages   = {026113}
}

@ARTICLE{Vehlowetal2013,
  author  = {Vehlow, C. and Reinhardt, T. and Weiskopf, D.},
  title   = {Visualizing Fuzzy Overlapping Communities in Networks},
  journal = {IEEE Trans. Vis. Comput. Graph.}, 
  volume  = {19},
  year    = {2013},
  pages   = {2486-2495}
}

@ARTICLE{Raghavanetal2007,
  author  = {Raghavan, U. and Albert, R. and Kumara, S.},
  title   = {Near linear time algorithm to detect community structures in large-scale networks},
  journal = {Phys. Rev E.}, 
  volume  = {76},
  year    = {2007},
  pages   = {036106}
}

@ARTICLE{SubeljBajec2011a,
  author  = {\v{S}ubelj, L. and Bajec, M.},
  title   = {Robust network community detection using balanced propagation},
  journal = {Eur. Phys. J. B.}, 
  volume  = {81},
  year    = {2011},
  pages   = {353-362}
}

@ARTICLE{Louetal2013,
  author  = {Lou, H. and Li, S. and Zhao, Y.},
  title   = {Detecting community structure using label propagation with weighted coherent neighborhood propinquity},
  journal = {Physica A.}, 
  volume  = {392},
  year    = {2013},
  pages   = {3095-3105}
}

@ARTICLE{Clausetetal2004,
  author  = {Clauset, A. and Newman, M. E. J. and Moore, C.},
  title   = {Finding community structure in very large networks},
  journal = {Phys. Rev. E.}, 
  volume  = {70},
  year    = {2004},
  pages   = {066111}
}

@ARTICLE{Blondeletal2008,
  author  = {Blondel, V. D. and Guillaume, J. L. and Lambiotte, R. and Lefebvre, E.},
  title   = {Fast unfolding of communities in large networks},
  journal = {J. Stat. Mech.-Theory Exp.}, 
  volume  = {2008},
  year    = {2008},
  pages   = {P10008}
}

@ARTICLE{SobolevskyCampari2014,
  author  = {Sobolevsky, S. and Campari, R.},
  title   = {General optimization technique for high-quality community detection in complex networks},
  journal = {Phys. Rev. E.}, 
  volume  = {90},
  year    = {2014},
  pages   = {012811}
}

@ARTICLE{FortunatoBarthelemy2007,
  author  = {Fortunato, S. and Barthelemy, M.},
  title   = {Resolution limit in community detection},
  journal = {Proc. Natl. Acad. Sci. U. S. A.}, 
  volume  = {104},
  year    = {2007},
  pages   = {36-41}
}

@ARTICLE{SubeljBajec2011b,
  author  = {\v{S}ubelj, L. and Bajec, M.},
  title   = {Unfolding communities in large complex networks: Combining defensive and offensive label propagation for core extraction},
  journal = {Phys. Rev. E.}, 
  volume  = {83},
  year    = {2011},
  pages   = {036103}
}

@ARTICLE{WangLi2013,
  author  = {Wang, X. and Li, J.},
  title   = {Detecting communities by the core-vertex and intimate degree in complex networks},
  journal = {Physica A.}, 
  volume  = {392},
  year    = {2013},
  pages   = {2555-2563}
}

@ARTICLE{Lietal2013,
  author  = {Li, J. and Wang, X. and Eustace, J.},
  title   = {Detecting overlapping communities by seed community in weighted complex networks},
  journal = {Physica A.}, 
  volume  = {392},
  year    = {2013},
  pages   = {6125-6134}
}

@ARTICLE{Fabioetal2013,
  author  = {Fabio, D. R. and Fabio, D. and Carlo, P.},
  title   = {Profiling core-periphery network structure by random walkers},
  journal = {Sci. Rep.}, 
  volume  = {3},
  year    = {2013},
  pages   = {1467}
}

@ARTICLE{Chenetal2013,
  author  = {Chen, Q. and Wu, T. T. and Fang, M.},
  title   = {Detecting local community structure in complex networks based on local degree central nodes},
  journal = {Physica A.}, 
  volume  = {392},
  year    = {2013},
  pages   = {529-537}
}

@ARTICLE{Zhangetal2007,
  author  = {Zhang, S. and Wang, R. and Zhang, X.},
  title   = {Identification of overlapping community structure in complex networks using fuzzy c-means clustering},
  journal = {Physica A.}, 
  volume  = {374},
  year    = {2007},
  pages   = {483-490}
}

@ARTICLE{Nepuszetal2008,
  author  = {Nepusz, T. and Petr\'oczi, A. and N\'egyessy, L. and Bazs\'o, F.},
  title   = {Fuzzy communities and the concept of bridgeness in complex networks},
  journal = {Phys. Rev. E.}, 
  volume  = {77},
  year    = {2008},
  pages   = {016107}
}

@ARTICLE{FabricioLiang2013,
  author  = {Fabricio, B. and Liang, Z.},
  title   = {Fuzzy community structure detection by particle competition and cooperation},
  journal = {Soft Comput.}, 
  volume  = {17},
  year    = {2013},
  pages   = {659-673}
}

@ARTICLE{Sunetal2011,
  author  = {Sun, P. and Gao, L. and Han, S.},
  title   = {Identification of overlapping and non-overlapping community structure by fuzzy clustering in complex networks},
  journal = {Inf. Sci.}, 
  volume  = {181},
  year    = {2011},
  pages   = {1060-1071}
}

@ARTICLE{Wangetal2013,
  author  = {Wang, W. and Liu, D. and Liu, X. and Pan, L.},
  title   = {Fuzzy overlapping community detection based on local random walk and multidimensional scaling},
  journal = {Physica A.}, 
  volume  = {392},
  year    = {2013},
  pages   = {6578-6586}
}

@ARTICLE{Psorakisetal2011,
  author  = {Psorakis, I. and Roberts, S. and Ebden, M. and Sheldon, B.},
  title   = {Overlapping community detection using Bayesian non-negative matrix factorization},
  journal = {Phys. Rev. E.}, 
  volume  = {83},
  year    = {2011},
  pages   = {066114}
}

@CONFERENCE{ZhangYeung2012,
  author  = {Zhang, Y. and Yeung, D.},
  title   = {Overlapping Community Detection via Bounded Nonnegative Matrix Tri-Factorization},
  booktitle = {In Proc. ACM SIGKDD Conf.}, 
  year    = {2012},
  pages   = {606-614}
}

@ARTICLE{Liu2010,
  author  = {Liu, J.},
  title   = {Fuzzy modularity and fuzzy community structure in networks},
  journal = {Eur. Phys. J. B.}, 
  volume  = {77},
  year    = {2010},
  pages   = {547-557}
}

@ARTICLE{Havensetal2013,
  author  = {Havens, T. C. and Bezdek, J. C. and Leckie, C., Ramamohanarao, K. and Palaniswami, M.},
  title   = {A Soft Modularity Function For Detecting Fuzzy Communities in Social Networks},
  journal = {IEEE Trans. Fuzzy Syst.}, 
  volume  = {21},
  year    = {2013},
  pages   = {1170-1175}
}

@misc{Newman2013,
  author = {Newman, M. E. J.},
  title  = {Network data},
  howpublished = "\url{http://www-personal.umich.edu/~mejn/netdata/}",
  year = {2013}
}

@ARTICLE{SubeljBajec2012,
  author  = {\v{S}ubelj, L. and Bajec, M.},
  title   = {Ubiquitousness of link-density and link-pattern communities in real-world networks},
  journal = {Eur. Phys. J. B.}, 
  volume  = {85},
  year    = {2012},
  pages   = {1-11}
}

@ARTICLE{Lancichinettietal2008,
  author  = {Lancichinetti, A. and Fortunato, S. and Radicchi, F.},
  title   = {Benchmark graphs for testing community detection algorithms},
  journal = {Phys. Rev. E.}, 
  volume  = {78},
  year    = {2008},
  pages   = {046110}
}

@ARTICLE{Liuetal2014,
  author  = {Liu, W. and Pellegrini, M. and Wang, X.},
  title   = {Detecting Communities Based on Network Topology},
  journal = {Sci. Rep.}, 
  volume  = {4},
  year    = {2014},
  pages   = {5739}
}

@ARTICLE{Danonetal2005,
  author  = {Danon, L. and Diaz-Guilera, A. and Duch, J. and Arenas, A.},
  title   = {Comparing community structure identification},
  journal = {J. Stat. Mech.-Theory Exp.}, 
  volume  = {},
  year    = {2005},
  pages   = {P09008}
}

@ARTICLE{Gregory2011,
  author  = {Gregory, S.},
  title   = {Fuzzy overlapping communities in networks},
  journal = {J. Stat. Mech.-Theory Exp.}, 
  volume  = {},
  year    = {2011},
  pages   = {P02017}
}

@ARTICLE{LancichinettiFortunato2009,
  author  = {Lancichinetti, A. and Fortunato, S.},
  title   = {Benchmarks for testing community detection algorithms on directed and weighted graphs with overlapping communities},
  journal = {Phys. Rev. E.}, 
  volume  = {80},
  year    = {2009},
  pages   = {016118}
}

@CONFERENCE{HullermeierRifqi2009,
  author  = {Hullermeier, E. and Rifqi, M.},
  title   = {A Fuzzy Variant of the Rand Index for Comparing Clustering Structures},
  booktitle = {in Proc. IFSA/EUSFLAT Conf.}, 
  year    = {2009},
  pages   = {1294-1298}
}
@article{musa2023systematic,
  title={A systematic review and Meta-data analysis on the applications of Deep Learning in Electrocardiogram},
  author={Musa, Nehemiah and Gital, Abdulsalam Yaâ€™u and Aljojo, Nahla and Chiroma, Haruna and Adewole, Kayode S and Mojeed, Hammed A and Faruk, Nasir and Abdulkarim, Abubakar and Emmanuel, Ifada and Folawiyo, Yusuf Y and others},
  journal={Journal of ambient intelligence and humanized computing},
  volume={14},
  number={7},
  pages={9677--9750},
  year={2023},
  publisher={Springer}
}
@article{yoo2023restoration,
  title={Restoration of missing or low-quality 12-lead ECG signals using ensemble deep-learning model with optimal combination},
  author={Yoo, Hakje and Yum, Yunjin and Kim, Yoojoong and Kim, Jong-Ho and Park, Hyun-Joon and Joo, Hyung Joon},
  journal={Biomedical Signal Processing and Control},
  volume={83},
  pages={104690},
  year={2023},
  publisher={Elsevier}
}
@article{aldughayfiq2023deep,
  title={A Deep Learning Approach for Atrial Fibrillation Classification Using Multi-Feature Time Series Data from ECG and PPG},
  author={Aldughayfiq, Bader and Ashfaq, Farzeen and Jhanjhi, NZ and Humayun, Mamoona},
  journal={Diagnostics},
  volume={13},
  number={14},
  pages={2442},
  year={2023},
  publisher={MDPI}
}