@article{qin2019novel,
  title={A novel combined prediction scheme based on CNN and LSTM for urban PM 2.5 concentration},
  author={Qin, Dongming and Yu, Jian and Zou, Guojian and Yong, Ruihan and Zhao, Qin and Zhang, Bo},
  journal={Ieee Access},
  volume={7},
  pages={20050--20059},
  year={2019},
  publisher={IEEE}
}

@article{li2017long,
  title={Long short-term memory neural network for air pollutant concentration predictions: Method development and evaluation},
  author={Li, Xiang and Peng, Ling and Yao, Xiaojing and Cui, Shaolong and Hu, Yuan and You, Chengzeng and Chi, Tianhe},
  journal={Environmental pollution},
  volume={231},
  pages={997--1004},
  year={2017},
  publisher={Elsevier}
}
@article{du2019deep,
  title={Deep air quality forecasting using hybrid deep learning framework},
  author={Du, Shengdong and Li, Tianrui and Yang, Yan and Horng, Shi-Jinn},
  journal={IEEE Transactions on Knowledge and Data Engineering},
  volume={33},
  number={6},
  pages={2412--2424},
  year={2019},
  publisher={IEEE}
}
@article{nath2021long,
  title={Long-term time-series pollution forecast using statistical and deep learning methods},
  author={Nath, Pritthijit and Saha, Pratik and Middya, Asif Iqbal and Roy, Sarbani},
  journal={Neural Computing and Applications},
  pages={1--20},
  year={2021},
  publisher={Springer}
}

@article{pruthi2022low,
  title={Low-cost nature-inspired deep learning system for PM2. 5 forecast over Delhi, India},
  author={Pruthi, Dimple and Liu, Yang},
  journal={Environment International},
  volume={166},
  pages={107373},
  year={2022},
  publisher={Elsevier}
}
@article{li2023nested,
  title={A nested machine learning approach to short-term PM2. 5 prediction in metropolitan areas using PM2. 5 data from different sensor networks},
  author={Li, Jing and Crooks, James and Murdock, Jennifer and de Souza, Priyanka and Hohsfield, Kirk and Obermann, Bill and Stockman, Tehya},
  journal={Science of The Total Environment},
  volume={873},
  pages={162336},
  year={2023},
  publisher={Elsevier}
}


@article{menares2021forecasting,
  title={Forecasting PM2. 5 levels in Santiago de Chile using deep learning neural networks},
  author={Menares, Camilo and Perez, Patricio and Parraguez, Santiago and Fleming, Zo{\"e} L},
  journal={Urban Climate},
  volume={38},
  pages={100906},
  year={2021},
  publisher={Elsevier}
}
@article{zhu2023investigation,
  title={Investigation of nearby monitoring station for hourly PM2. 5 forecasting using parallel multi-input 1D-CNN-biLSTM},
  author={Zhu, Mingying and Xie, Jie},
  journal={Expert Systems with Applications},
  volume={211},
  pages={118707},
  year={2023},
  publisher={Elsevier}
}
@article{kim2022short,
  title={Short-term prediction of particulate matter (PM10 and PM2. 5) in Seoul, South Korea using tree-based machine learning algorithms},
  author={Kim, Bu-Yo and Lim, Yun-Kyu and Cha, Joo Wan},
  journal={Atmospheric Pollution Research},
  volume={13},
  number={10},
  pages={101547},
  year={2022},
  publisher={Elsevier}
}
@article{lee2021potential,
  title={Potential role of urban forest in removing PM2. 5: A case study in Seoul by deep learning with satellite data},
  author={Lee, Ahreum and Jeong, Sujong and Joo, Jaewon and Park, Chan-Ryul and Kim, Jhoon and Kim, Sookyung},
  journal={Urban Climate},
  volume={36},
  pages={100795},
  year={2021},
  publisher={Elsevier}
}
@article{samal2021multi,
  title={Multi-directional temporal convolutional artificial neural network for PM2. 5 forecasting with missing values: A deep learning approach},
  author={Samal, K Krishna Rani and Babu, Korra Sathya and Das, Santos Kumar},
  journal={Urban Climate},
  volume={36},
  pages={100800},
  year={2021},
  publisher={Elsevier}
}
@article{kurnaz2022prediction,
  title={Prediction of SO2 and PM10 air pollutants using a deep learning-based recurrent neural network: Case of industrial city Sakarya},
  author={Kurnaz, Gamze and Demir, Alparslan Serhat},
  journal={Urban Climate},
  volume={41},
  pages={101051},
  year={2022},
  publisher={Elsevier}
}
@article{das2022prediction,
  title={Prediction of air pollutants for air quality using deep learning methods in a metropolitan city},
  author={Das, Bihter and Dursun, {\"O}mer Osman and Toraman, Suat},
  journal={Urban Climate},
  volume={46},
  pages={101291},
  year={2022},
  publisher={Elsevier}
}
@article{natsagdorj2023prediction,
  title={Prediction of PM2. 5 concentration in Ulaanbaatar with deep learning models},
  author={Natsagdorj, Narantsogt and Zhou, Haijun and others},
  journal={Urban Climate},
  volume={47},
  pages={101357},
  year={2023},
  publisher={Elsevier}
}
@article{eren2023predicting,
  title={Predicting next hour fine particulate matter (PM2. 5) in the Istanbul Metropolitan City using deep learning algorithms with time windowing strategy},
  author={Eren, Beytullah and Aksang{\"u}r, {\.I}pek and Erden, Caner},
  journal={Urban Climate},
  volume={48},
  pages={101418},
  year={2023},
  publisher={Elsevier}
}
@article{zhu2023deep,
  title={Deep learning method for minimizing water pollution and air pollution in urban environment},
  author={Zhu, Lingling and Husny, Zuhra Junaida Binti Mohamad and Samsudin, Noor Aimran and Xu, HaiPeng and Han, Chongyong},
  journal={Urban Climate},
  volume={49},
  pages={101486},
  year={2023},
  publisher={Elsevier}
}
@article{ma2019improving,
  title={Improving air quality prediction accuracy at larger temporal resolutions using deep learning and transfer learning techniques},
  author={Ma, Jun and Cheng, Jack CP and Lin, Changqing and Tan, Yi and Zhang, Jingcheng},
  journal={Atmospheric Environment},
  volume={214},
  pages={116885},
  year={2019},
  publisher={Elsevier}
}
@article{zhou2019effects,
  title={Effects of potential recirculation on air quality in coastal cities in the Yangtze River Delta},
  author={Zhou, Chengjun and Wei, Gang and Zheng, Hepeng and Russo, Ana and Li, Chengcai and Du, Huadong and Xiang, Jie},
  journal={Science of the total environment},
  volume={651},
  pages={12--23},
  year={2019},
  publisher={Elsevier}
}
@article{lin2011forecasting,
  title={Forecasting concentrations of air pollutants by logarithm support vector regression with immune algorithms},
  author={Lin, Kuo-Ping and Pai, Ping-Feng and Yang, Shun-Ling},
  journal={Applied Mathematics and Computation},
  volume={217},
  number={12},
  pages={5318--5327},
  year={2011},
  publisher={Elsevier}
}
@article{taylan2017modelling,
  title={Modelling and analysis of ozone concentration by artificial intelligent techniques for estimating air quality},
  author={Taylan, Osman},
  journal={Atmospheric environment},
  volume={150},
  pages={356--365},
  year={2017},
  publisher={Elsevier}
}
@article{wang2015model,
  title={A model-based fuzzy set-OWA approach for integrated air pollution risk assessment},
  author={Wang, Baozhen and Chen, Zhi},
  journal={Stochastic Environmental Research and Risk Assessment},
  volume={29},
  pages={1413--1426},
  year={2015},
  publisher={Springer}
}
@article{kristiani2022short,
  title={Short-term prediction of PM2. 5 using LSTM deep learning methods},
  author={Kristiani, Endah and Lin, Hao and Lin, Jwu-Rong and Chuang, Yen-Hsun and Huang, Chin-Yin and Yang, Chao-Tung},
  journal={Sustainability},
  volume={14},
  number={4},
  pages={2068},
  year={2022},
  publisher={MDPI}
}

@article{ayturan2018air,
  title={Air pollution modelling with deep learning: a review},
  author={Ayturan, Yasin Ak{\i}n and Ayturan, Zeynep Cansu and Altun, H{\"u}seyin Oktay},
  journal={International Journal of Environmental Pollution and Environmental Modelling},
  volume={1},
  number={3},
  pages={58--62},
  year={2018},
  publisher={Yasin Ak{\i}n AYTURAN}
}
@article{kumar2022deep,
  title={Deep Learning for Air Quality Prediction after COVID-19 Pandemic Based on Pollutant and Meteorological Data},
  author={Kumar, Vipin and Ahmad, Naushad},
  journal={Available at SSRN 4292346},
  year={2022}
}
@article{kumari2022machine,
  title={Machine learning-based time series models for effective CO2 emission prediction in India},
  author={Kumari, Surbhi and Singh, Sunil Kumar},
  journal={Environmental Science and Pollution Research},
  pages={1--16},
  year={2022},
  publisher={Springer}
}
@inproceedings{kumari2022deep,
  title={Deep Learning-based Time Series Models for GDP and ICT Growth Prediction in India},
  author={Kumari, Surbhi and Singh, Sunil Kumar},
  booktitle={2022 International Conference on Computing, Communication, and Intelligent Systems (ICCCIS)},
  pages={250--256},
  year={2022},
  organization={IEEE}
}
@article{chung2014empirical,
  title={Empirical evaluation of gated recurrent neural networks on sequence modeling},
  author={Chung, Junyoung and Gulcehre, Caglar and Cho, KyungHyun and Bengio, Yoshua},
  journal={arXiv preprint arXiv:1412.3555},
  year={2014}
}
@article{kiranyaz20211d,
  title={1D convolutional neural networks and applications: A survey},
  author={Kiranyaz, Serkan and Avci, Onur and Abdeljaber, Osama and Ince, Turker and Gabbouj, Moncef and Inman, Daniel J},
  journal={Mechanical systems and signal processing},
  volume={151},
  pages={107398},
  year={2021},
  publisher={Elsevier}
}
@article{chaerun2021comparative,
  title={Comparative assessment to predict and forecast water-cooled chiller power consumption using machine learning and deep learning algorithms},
  author={Chaerun Nisa, Elsa and Kuan, Yean-Der},
  journal={Sustainability},
  volume={13},
  number={2},
  pages={744},
  year={2021},
  publisher={MDPI}
}
@article{bhawan2020central,
title={Central Pollution Control Board},
author={Bhawan, Parivesh and Nagar, East Arjun},
year={2020}
}
@article{rusnac2022cnn,
  title={CNN architectures and feature extraction methods for EEG imaginary speech recognition},
  author={Rusnac, Ana-Luiza and Grigore, Ovidiu},
  journal={Sensors},
  volume={22},
  number={13},
  pages={4679},
  year={2022},
  publisher={MDPI}
}
@article{wang2019end,
  title={End-to-end mandarin speech recognition combining CNN and BLSTM},
  author={Wang, Dong and Wang, Xiaodong and Lv, Shaohe},
  journal={Symmetry},
  volume={11},
  number={5},
  pages={644},
  year={2019},
  publisher={MDPI}
}
@article{ashraf2022role,
  title={The Role of CNN and RNN in the Classification of Audio Music Genres},
  author={Ashraf, Mohsin and Abid, Fazeel and Atif, Muhammad and Bashir, Satwat},
  year={2022}
}

@article{hu2020device,
  title={Device-robust acoustic scene classification based on two-stage categorization and data augmentation},
  author={Hu, Hu and Yang, Chao-Han Huck and Xia, Xianjun and Bai, Xue and Tang, Xin and Wang, Yajian and Niu, Shutong and Chai, Li and Li, Juanjuan and Zhu, Hongning and others},
  journal={arXiv preprint arXiv:2007.08389},
  year={2020}
}
@article{kattenborn2021review,
  title={Review on Convolutional Neural Networks (CNN) in vegetation remote sensing},
  author={Kattenborn, Teja and Leitloff, Jens and Schiefer, Felix and Hinz, Stefan},
  journal={ISPRS journal of photogrammetry and remote sensing},
  volume={173},
  pages={24--49},
  year={2021},
  publisher={Elsevier}
}

@article{sun2019classification,
  title={Classification for remote sensing data with improved CNN-SVM method},
  author={Sun, Xiankun and Liu, Lan and Li, Chengfan and Yin, Jingyuan and Zhao, Junjuan and Si, Wen},
  journal={Ieee Access},
  volume={7},
  pages={164507--164516},
  year={2019},
  publisher={IEEE}
}

@article{shewalkar2019performance,
  title={Performance evaluation of deep neural networks applied to speech recognition: RNN, LSTM and GRU},
  author={Shewalkar, Apeksha and Nyavanandi, Deepika and Ludwig, Simone A},
  journal={Journal of Artificial Intelligence and Soft Computing Research},
  volume={9},
  number={4},
  pages={235--245},
  year={2019}
}

@article{yuan2018auxiliary,
  title={Auxiliary loss multimodal GRU model in audio-visual speech recognition},
  author={Yuan, Yuan and Tian, Chunlin and Lu, Xiaoqiang},
  journal={IEEE Access},
  volume={6},
  pages={5573--5583},
  year={2018},
  publisher={IEEE}
}

@article{cascianelli2018full,
  title={Full-GRU natural language video description for service robotics applications},
  author={Cascianelli, Silvia and Costante, Gabriele and Ciarfuglia, Thomas A and Valigi, Paolo and Fravolini, Mario L},
  journal={IEEE robotics and automation letters},
  volume={3},
  number={2},
  pages={841--848},
  year={2018},
  publisher={IEEE}
}

@article{wang2020feature,
  title={Feature extraction and analysis of natural language processing for deep learning English language},
  author={Wang, Dongyang and Su, Junli and Yu, Hongbin},
  journal={IEEE Access},
  volume={8},
  pages={46335--46345},
  year={2020},
  publisher={IEEE}
}

@article{subramanian2022integrated,
  title={An integrated mediapipe-optimized GRU model for Indian sign language recognition},
  author={Subramanian, Barathi and Olimov, Bekhzod and Naik, Shraddha M and Kim, Sangchul and Park, Kil-Houm and Kim, Jeonghong},
  journal={Scientific Reports},
  volume={12},
  number={1},
  pages={11964},
  year={2022},
  publisher={Nature Publishing Group UK London}
}

@article{soltau2016neural,
  title={Neural speech recognizer: Acoustic-to-word LSTM model for large vocabulary speech recognition},
  author={Soltau, Hagen and Liao, Hank and Sak, Hasim},
  journal={arXiv preprint arXiv:1610.09975},
  year={2016}
}

@article{jo2020approximate,
  title={Approximate LSTM computing for energy-efficient speech recognition},
  author={Jo, Junseo and Kung, Jaeha and Lee, Youngjoo},
  journal={Electronics},
  volume={9},
  number={12},
  pages={2004},
  year={2020},
  publisher={MDPI}
}

@article{wang2015learning,
  title={Learning natural language inference with LSTM},
  author={Wang, Shuohang and Jiang, Jing},
  journal={arXiv preprint arXiv:1512.08849},
  year={2015}
}

@article{nammous2019natural,
  title={Natural language processing: speaker, language, and gender identification with LSTM},
  author={Nammous, Mohammad K and Saeed, Khalid},
  journal={Advanced Computing and Systems for Security: Volume Eight},
  pages={143--156},
  year={2019},
  publisher={Springer}
}

@article{hochreiter1997long,
  title={Long short-term memory},
  author={Hochreiter, Sepp and Schmidhuber, J{\"u}rgen},
  journal={Neural computation},
  volume={9},
  number={8},
  pages={1735--1780},
  year={1997},
  publisher={MIT press}
}

@article{sahin2018nonuniformly,
  title={Nonuniformly sampled data processing using LSTM networks},
  author={Sahin, Safa Onur and Kozat, Suleyman Serdar},
  journal={IEEE transactions on neural networks and learning systems},
  volume={30},
  number={5},
  pages={1452--1461},
  year={2018},
  publisher={IEEE}
}

@article{gers2000learning,
  title={Learning to forget: Continual prediction with LSTM},
  author={Gers, Felix A and Schmidhuber, J{\"u}rgen and Cummins, Fred},
  journal={Neural computation},
  volume={12},
  number={10},
  pages={2451--2471},
  year={2000},
  publisher={MIT Press}
}

@article{zhou2015c,
  title={A C-LSTM neural network for text classification},
  author={Zhou, Chunting and Sun, Chonglin and Liu, Zhiyuan and Lau, Francis},
  journal={arXiv preprint arXiv:1511.08630},
  year={2015}
}

@article{karim2017lstm,
  title={LSTM fully convolutional networks for time series classification},
  author={Karim, Fazle and Majumdar, Somshubra and Darabi, Houshang and Chen, Shun},
  journal={IEEE access},
  volume={6},
  pages={1662--1669},
  year={2017},
  publisher={IEEE}
}

@article{li2019cnn,
  title={CNN and LSTM based facial expression analysis model for a humanoid robot},
  author={Li, Tzuu-Hseng S and Kuo, Ping-Huan and Tsai, Ting-Nan and Luan, Po-Chien},
  journal={IEEE Access},
  volume={7},
  pages={93998--94011},
  year={2019},
  publisher={IEEE}
}

@article{rajendran2020land,
  title={Land-use and land-cover classification using a human group-based particle swarm optimization algorithm with an LSTM Classifier on hybrid pre-processing remote-sensing images},
  author={Rajendran, Ganesh B and Kumarasamy, Uma M and Zarro, Chiara and Divakarachari, Parameshachari B and Ullo, Silvia L},
  journal={Remote Sensing},
  volume={12},
  number={24},
  pages={4135},
  year={2020},
  publisher={MDPI}
}

@article{islam2020combined,
  title={A combined deep CNN-LSTM network for the detection of novel coronavirus (COVID-19) using X-ray images},
  author={Islam, Md Zabirul and Islam, Md Milon and Asraf, Amanullah},
  journal={Informatics in medicine unlocked},
  volume={20},
  pages={100412},
  year={2020},
  publisher={Elsevier}
}

@article{ullah2017action,
  title={Action recognition in video sequences using deep bi-directional LSTM with CNN features},
  author={Ullah, Amin and Ahmad, Jamil and Muhammad, Khan and Sajjad, Muhammad and Baik, Sung Wook},
  journal={IEEE access},
  volume={6},
  pages={1155--1166},
  year={2017},
  publisher={IEEE}
}


@article{li2020classifying,
  title={Classifying ASD children with LSTM based on raw videos},
  author={Li, Jing and Zhong, Yihao and Han, Junxia and Ouyang, Gaoxiang and Li, Xiaoli and Liu, Honghai},
  journal={Neurocomputing},
  volume={390},
  pages={226--238},
  year={2020},
  publisher={Elsevier}
}

@article{gao2017video,
  title={Video captioning with attention-based LSTM and semantic consistency},
  author={Gao, Lianli and Guo, Zhao and Zhang, Hanwang and Xu, Xing and Shen, Heng Tao},
  journal={IEEE Transactions on Multimedia},
  volume={19},
  number={9},
  pages={2045--2055},
  year={2017},
  publisher={IEEE}
}

@article{bin2018describing,
  title={Describing video with attention-based bidirectional LSTM},
  author={Bin, Yi and Yang, Yang and Shen, Fumin and Xie, Ning and Shen, Heng Tao and Li, Xuelong},
  journal={IEEE transactions on cybernetics},
  volume={49},
  number={7},
  pages={2631--2641},
  year={2018},
  publisher={IEEE}
}

@article{article,
author = {Ghourabi, Abdallah},
year = {2022},
month = {01},
pages = {48890-48903},
title = {A Security Model Based on LightGBM and Transformer to Protect Healthcare Systems From Cyberattacks},
volume = {10},
journal = {IEEE Access},
doi = {10.1109/ACCESS.2022.3172432}
}
@article{zhao2017multi,
  title={Multi-view learning overview: Recent progress and new challenges},
  author={Zhao, Jing and Xie, Xijiong and Xu, Xin and Sun, Shiliang},
  journal={Information Fusion},
  volume={38},
  pages={43--54},
  year={2017},
  publisher={Elsevier}
}
@article{xu2013survey,
  title={A survey on multi-view learning},
  author={Xu, Chang and Tao, Dacheng and Xu, Chao},
  journal={arXiv preprint arXiv:1304.5634},
  year={2013}
}
@article{yang2020image,
  title={Image-text multimodal emotion classification via multi-view attentional network},
  author={Yang, Xiaocui and Feng, Shi and Wang, Daling and Zhang, Yifei},
  journal={IEEE Transactions on Multimedia},
  volume={23},
  pages={4014--4026},
  year={2020},
  publisher={IEEE}
}
@article{nie2017auto,
  title={Auto-weighted multi-view learning for image clustering and semi-supervised classification},
  author={Nie, Feiping and Cai, Guohao and Li, Jing and Li, Xuelong},
  journal={IEEE Transactions on Image Processing},
  volume={27},
  number={3},
  pages={1501--1511},
  year={2017},
  publisher={IEEE}
}

@article{garcia2018multi,
  title={Multi-view stacking for activity recognition with sound and accelerometer data},
  author={Garcia-Ceja, Enrique and Galv{\'a}n-Tejada, Carlos E and Brena, Ramon},
  journal={Information Fusion},
  volume={40},
  pages={45--56},
  year={2018},
  publisher={Elsevier}
}
@article{hussain2021comprehensive,
  title={A comprehensive survey of multi-view video summarization},
  author={Hussain, Tanveer and Muhammad, Khan and Ding, Weiping and Lloret, Jaime and Baik, Sung Wook and de Albuquerque, Victor Hugo C},
  journal={Pattern Recognition},
  volume={109},
  pages={107567},
  year={2021},
  publisher={Elsevier}
}

@article{huang2017multi,
  title={Multi-level monitoring of subtle urban changes for the megacities of China using high-resolution multi-view satellite imagery},
  author={Huang, Xin and Wen, Dawei and Li, Jiayi and Qin, Rongjun},
  journal={Remote sensing of environment},
  volume={196},
  pages={56--75},
  year={2017},
  publisher={Elsevier}
}