1.@article{rai2022robust,
  title={A robust auto encoder-gated recurrent unit (AE-GRU) based deep learning approach for short term solar power forecasting},
  author={Rai, Amit and Shrivastava, Ashish and Jana, Kartick C},
  journal={Optik},
  volume={252},
  pages={168515},
  year={2022},
  publisher={Elsevier}
}
2.@article{brahma2020solar,
  title={Solar irradiance forecasting based on deep learning methodologies and multi-site data},
  author={Brahma, Banalaxmi and Wadhvani, Rajesh},
  journal={Symmetry},
  volume={12},
  number={11},
  pages={1830},
  year={2020},
  publisher={MDPI}
}
3.@article{mishra2020deep,
  title={Deep learning and wavelet transform integrated approach for short-term solar PV power prediction},
  author={Mishra, Manohar and Dash, Pandit Byomakesha and Nayak, Janmenjoy and Naik, Bighnaraj and Swain, Subrat Kumar},
  journal={Measurement},
  volume={166},
  pages={108250},
  year={2020},
  publisher={Elsevier}
}
4.@article{kumari2021deep,
  title={Deep learning models for solar irradiance forecasting: A comprehensive review},
  author={Kumari, Pratima and Toshniwal, Durga},
  journal={Journal of Cleaner Production},
  volume={318},
  pages={128566},
  year={2021},
  publisher={Elsevier}
}
5.@article{belmahdi2020one,
  title={One month-ahead forecasting of mean daily global solar radiation using time series models},
  author={Belmahdi, Brahim and Louzazni, Mohamed and El Bouardi, Abdelmajid},
  journal={Optik},
  volume={219},
  pages={165207},
  year={2020},
  publisher={Elsevier}
}
6.@article{he2019wind,
  title={Wind and solar power probability density prediction via fuzzy information granulation and support vector quantile regression},
  author={He, Yaoyao and Yan, Yudong and Xu, Qifa},
  journal={International Journal of Electrical Power \& Energy Systems},
  volume={113},
  pages={515--527},
  year={2019},
  publisher={Elsevier}
}
7.@article{heidari2020short,
  title={Short-term energy use prediction of solar-assisted water heating system: Application case of combined attention-based LSTM and time-series decomposition},
  author={Heidari, Amirreza and Khovalyg, Dolaana},
  journal={Solar Energy},
  volume={207},
  pages={626--639},
  year={2020},
  publisher={Elsevier}
}
8.@article{shireen2018iterative,
  title={Iterative multi-task learning for time-series modeling of solar panel PV outputs},
  author={Shireen, Tahasin and Shao, Chenhui and Wang, Hui and Li, Jingjing and Zhang, Xi and Li, Mingyang},
  journal={Applied energy},
  volume={212},
  pages={654--662},
  year={2018},
  publisher={Elsevier}
}
9.@article{sfetsos2000univariate,
  title={Univariate and multivariate forecasting of hourly solar radiation with artificial intelligence techniques},
  author={Sfetsos, A and Coonick, AH},
  journal={Solar Energy},
  volume={68},
  number={2},
  pages={169--178},
  year={2000},
  publisher={Elsevier}
}
10.@inproceedings{atique2019forecasting,
  title={Forecasting of total daily solar energy generation using ARIMA: A case study},
  author={Atique, Sharif and Noureen, Subrina and Roy, Vishwajit and Subburaj, Vinitha and Bayne, Stephen and Macfie, Joshua},
  booktitle={2019 IEEE 9th annual computing and communication workshop and conference (CCWC)},
  pages={0114--0119},
  year={2019},
  organization={IEEE}
}
11.@article{wang2011solar,
  title={Solar irradiance short-term prediction model based on BP neural network},
  author={Wang, Zhe and Wang, Fei and Su, Shi},
  journal={Energy Procedia},
  volume={12},
  pages={488--494},
  year={2011},
  publisher={Elsevier}
}
12.@inproceedings{abuella2015solar,
  title={Solar power forecasting using artificial neural networks},
  author={Abuella, Mohamed and Chowdhury, Badrul},
  booktitle={2015 North American Power Symposium (NAPS)},
  pages={1--5},
  year={2015},
  organization={IEEE}
}
13.@article{gupta2023long,
  title={Long term estimation of global horizontal irradiance using machine learning algorithms},
  author={Gupta, Rahul and Yadav, Anil Kumar and Jha, SK and Pathak, Pawan Kumar},
  journal={Optik},
  volume={283},
  pages={170873},
  year={2023},
  publisher={Elsevier}
}
14.@article{gupta2023multi,
  title={Multi-model approach applied to meteorological data for solar radiation forecasting using data-driven approaches},
  author={Gupta, Pankaj and Tomar, Anuradha and others},
  journal={Optik},
  volume={286},
  pages={170957},
  year={2023},
  publisher={Elsevier}
}
15.@article{dhingra2023pseudo,
  title={A pseudo-labelled ensemble inference for fast and efficient real field photovoltaic systemâ€™s power prediction},
  author={Dhingra, Bhavya and Tyagi, Shivam and Verma, Aryan and Tomar, Anuradha and Rani, Poonam},
  journal={Optik},
  pages={171095},
  year={2023},
  publisher={Elsevier}
}
16.@article{mitrentsis2022interpretable,
  title={An interpretable probabilistic model for short-term solar power forecasting using natural gradient boosting},
  author={Mitrentsis, Georgios and Lens, Hendrik},
  journal={Applied Energy},
  volume={309},
  pages={118473},
  year={2022},
  publisher={Elsevier}
}
17.@article{guermoui2020comprehensive,
  title={A comprehensive review of hybrid models for solar radiation forecasting},
  author={Guermoui, Mawloud and Melgani, Farid and Gairaa, Kacem and Mekhalfi, Mohamed Lamine},
  journal={Journal of Cleaner Production},
  volume={258},
  pages={120357},
  year={2020},
  publisher={Elsevier}
}
18.@article{zhou2021review,
  title={A review on global solar radiation prediction with machine learning models in a comprehensive perspective},
  author={Zhou, Yong and Liu, Yanfeng and Wang, Dengjia and Liu, Xiaojun and Wang, Yingying},
  journal={Energy Conversion and Management},
  volume={235},
  pages={113960},
  year={2021},
  publisher={Elsevier}
}

20.@article{reikard2009predicting,
  title={Predicting solar radiation at high resolutions: A comparison of time series forecasts},
  author={Reikard, Gordon},
  journal={Solar energy},
  volume={83},
  number={3},
  pages={342--349},
  year={2009},
  publisher={Elsevier}
}
21.@article{bigdeli2017time,
  title={Time series analysis and short-term forecasting of solar irradiation, a new hybrid approach},
  author={Bigdeli, Nooshin and Borujeni, M Salehi and Afshar, Karim},
  journal={Swarm and evolutionary computation},
  volume={34},
  pages={75--88},
  year={2017},
  publisher={Elsevier}
}
22.@article{hirata2014online,
  title={Online multi-step prediction for wind speeds and solar irradiation: Evaluation of prediction errors},
  author={Hirata, Yoshito and Yamada, Taiji and Takahashi, Jun and Aihara, Kazuyuki and Suzuki, Hideyuki},
  journal={Renewable energy},
  volume={67},
  pages={35--39},
  year={2014},
  publisher={Elsevier}
}
23.@article{huld2012new,
  title={A new solar radiation database for estimating PV performance in Europe and Africa},
  author={Huld, Thomas and M{\"u}ller, Richard and Gambardella, Attilio},
  journal={Solar energy},
  volume={86},
  number={6},
  pages={1803--1815},
  year={2012},
  publisher={Elsevier}
}
24.@article{akarslan2016novel,
  title={A novel adaptive approach for hourly solar radiation forecasting},
  author={Akarslan, Emre and Hocaoglu, Fatih Onur},
  journal={Renewable Energy},
  volume={87},
  pages={628--633},
  year={2016},
  publisher={Elsevier}
}


25.@article{aguiar2016combining,
  title={Combining solar irradiance measurements, satellite-derived data and a numerical weather prediction model to improve intra-day solar forecasting},
  author={Aguiar, L Mazorra and Pereira, Brais and Lauret, Philippe and D{\'\i}az, F and David, Mathieu},
  journal={Renewable Energy},
  volume={97},
  pages={599--610},
  year={2016},
  publisher={Elsevier}
}
26.@article{nonnenmacher2016day,
  title={Day-ahead resource forecasting for concentrated solar power integration},
  author={Nonnenmacher, Lukas and Kaur, Amanpreet and Coimbra, Carlos FM},
  journal={Renewable energy},
  volume={86},
  pages={866--876},
  year={2016},
  publisher={Elsevier}
}
27.@article{pelland2013photovoltaic,
  title={Photovoltaic and solar forecasting: state of the art},
  author={Pelland, Sophie and Remund, Jan and Kleissl, Jan and Oozeki, Takashi and De Brabandere, Karel},
  journal={IEA PVPS Task},
  volume={14},
  number={355},
  pages={1--36},
  year={2013}
}
28.@article{abdel2020reliable,
  title={Reliable solar irradiance forecasting approach based on choquet integral and deep LSTMs},
  author={Abdel-Nasser, Mohamed and Mahmoud, Karar and Lehtonen, Matti},
  journal={IEEE Transactions on Industrial Informatics},
  volume={17},
  number={3},
  pages={1873--1881},
  year={2020},
  publisher={IEEE}
}

@article{lee2018forecasting,
  title={Forecasting solar power using long-short term memory and convolutional neural networks},
  author={Lee, Woonghee and Kim, Keonwoo and Park, Junsep and Kim, Jinhee and Kim, Younghoon},
  journal={IEEE access},
  volume={6},
  pages={73068--73080},
  year={2018},
  publisher={IEEE}
}

@article{abedinia2018solar,
  title={Solar energy forecasting based on hybrid neural network and improved metaheuristic algorithm},
  author={Abedinia, Oveis and Amjady, Nima and Ghadimi, Noradin},
  journal={Computational Intelligence},
  volume={34},
  number={1},
  pages={241--260},
  year={2018},
  publisher={Wiley Online Library}
}
@article{zhang2018deep,
  title={Deep photovoltaic nowcasting},
  author={Zhang, Jinsong and Verschae, Rodrigo and Nobuhara, Shohei and Lalonde, Jean-Fran{\c{c}}ois},
  journal={Solar Energy},
  volume={176},
  pages={267--276},
  year={2018},
  publisher={Elsevier}
}
@article{wang2019comparison,
  title={A comparison of day-ahead photovoltaic power forecasting models based on deep learning neural network},
  author={Wang, Kejun and Qi, Xiaoxia and Liu, Hongda},
  journal={Applied Energy},
  volume={251},
  pages={113315},
  year={2019},
  publisher={Elsevier}
}

@article{lee2019deep,
  title={Deep Learning Based Prediction Method of Long-term Photovoltaic Power Generation Using Meteorological and Seasonal Information},
  author={Lee, Donghun and Kim, Kwanho},
  journal={Journal of Society for e-Business Studies},
  volume={24},
  number={1},
  year={2019}
}

@article{torres2019big,
  title={Big data solar power forecasting based on deep learning and multiple data sources},
  author={Torres, Jos{\'e} F and Troncoso, Alicia and Koprinska, Irena and Wang, Zheng and Mart{\'\i}nez-{\'A}lvarez, Francisco},
  journal={Expert Systems},
  volume={36},
  number={4},
  pages={e12394},
  year={2019},
  publisher={Wiley Online Library}
}
@article{hu2021short,
  title={Short-term load forecasting using multimodal evolutionary algorithm and random vector functional link network based ensemble learning},
  author={Hu, Yi and Qu, Boyang and Wang, Jie and Liang, Jing and Wang, Yanli and Yu, Kunjie and Li, Yaxin and Qiao, Kangjia},
  journal={Applied Energy},
  volume={285},
  pages={116415},
  year={2021},
  publisher={Elsevier}
}

@article{husein2019day,
  title={Day-ahead solar irradiance forecasting for microgrids using a long short-term memory recurrent neural network: A deep learning approach},
  author={Husein, Munir and Chung, Il-Yop},
  journal={Energies},
  volume={12},
  number={10},
  pages={1856},
  year={2019},
  publisher={MDPI}
}

@inproceedings{de2019solar,
  title={Solar pv power prediction using a new approach based on hybrid deep neural network},
  author={de Jes{\'u}s, Dan A Rosa and Mandal, Paras and Chakraborty, Shantanu and Senjyu, Tomonobu},
  booktitle={2019 IEEE Power \& Energy Society General Meeting (PESGM)},
  pages={1--5},
  year={2019},
  organization={IEEE}
}

@article{li2020hybrid,
  title={A hybrid deep learning model for short-term PV power forecasting},
  author={Li, Pengtao and Zhou, Kaile and Lu, Xinhui and Yang, Shanlin},
  journal={Applied Energy},
  volume={259},
  pages={114216},
  year={2020},
  publisher={Elsevier}
}

@article{wang2018wavelet,
  title={Wavelet decomposition and convolutional LSTM networks based improved deep learning model for solar irradiance forecasting},
  author={Wang, Fei and Yu, Yili and Zhang, Zhanyao and Li, Jie and Zhen, Zhao and Li, Kangping},
  journal={applied sciences},
  volume={8},
  number={8},
  pages={1286},
  year={2018},
  publisher={MDPI}
}

@inproceedings{niu2017recurrent,
  title={Recurrent neural network based deep learning for solar radiation prediction},
  author={Niu, Fuxin and Oâ€™Neill, Zheng},
  booktitle={Proceedings of the 15th IBPSA Conference, San Francisco, CA, USA},
  pages={7--9},
  year={2017}
}

@article{cao2005forecast,
  title={Forecast of solar irradiance using recurrent neural networks combined with wavelet analysis},
  author={Cao, Shuanghua and Cao, Jiacong},
  journal={Applied Thermal Engineering},
  volume={25},
  number={2-3},
  pages={161--172},
  year={2005},
  publisher={Elsevier}
}

@article{qing2018hourly,
  title={Hourly day-ahead solar irradiance prediction using weather forecasts by LSTM},
  author={Qing, Xiangyun and Niu, Yugang},
  journal={Energy},
  volume={148},
  pages={461--468},
  year={2018},
  publisher={Elsevier}
}