@article{qin2019novel,
  title={A novel combined prediction scheme based on CNN and LSTM for urban PM 2.5 concentration},
  author={Qin, Dongming and Yu, Jian and Zou, Guojian and Yong, Ruihan and Zhao, Qin and Zhang, Bo},
  journal={Ieee Access},
  volume={7},
  pages={20050--20059},
  year={2019},
  publisher={IEEE}
}

@article{li2017long,
  title={Long short-term memory neural network for air pollutant concentration predictions: Method development and evaluation},
  author={Li, Xiang and Peng, Ling and Yao, Xiaojing and Cui, Shaolong and Hu, Yuan and You, Chengzeng and Chi, Tianhe},
  journal={Environmental pollution},
  volume={231},
  pages={997--1004},
  year={2017},
  publisher={Elsevier}
}

@article{du2019deep,
  title={Deep air quality forecasting using hybrid deep learning framework},
  author={Du, Shengdong and Li, Tianrui and Yang, Yan and Horng, Shi-Jinn},
  journal={IEEE Transactions on Knowledge and Data Engineering},
  volume={33},
  number={6},
  pages={2412--2424},
  year={2019},
  publisher={IEEE}
}

@article{nath2021long,
  title={Long-term time-series pollution forecast using statistical and deep learning methods},
  author={Nath, Pritthijit and Saha, Pratik and Middya, Asif Iqbal and Roy, Sarbani},
  journal={Neural Computing and Applications},
  pages={1--20},
  year={2021},
  publisher={Springer}
}

@article{pruthi2022low,
  title={Low-cost nature-inspired deep learning system for PM2. 5 forecast over Delhi, India},
  author={Pruthi, Dimple and Liu, Yang},
  journal={Environment International},
  volume={166},
  pages={107373},
  year={2022},
  publisher={Elsevier}
}
@article{li2023nested,
  title={A nested machine learning approach to short-term PM2. 5 prediction in metropolitan areas using PM2. 5 data from different sensor networks},
  author={Li, Jing and Crooks, James and Murdock, Jennifer and de Souza, Priyanka and Hohsfield, Kirk and Obermann, Bill and Stockman, Tehya},
  journal={Science of The Total Environment},
  volume={873},
  pages={162336},
  year={2023},
  publisher={Elsevier}
}

@article{menares2021forecasting,
  title={Forecasting PM2. 5 levels in Santiago de Chile using deep learning neural networks},
  author={Menares, Camilo and Perez, Patricio and Parraguez, Santiago and Fleming, Zo{\"e} L},
  journal={Urban Climate},
  volume={38},
  pages={100906},
  year={2021},
  publisher={Elsevier}
}
@article{zhu2023investigation,
  title={Investigation of nearby monitoring station for hourly PM2. 5 forecasting using parallel multi-input 1D-CNN-biLSTM},
  author={Zhu, Mingying and Xie, Jie},
  journal={Expert Systems with Applications},
  volume={211},
  pages={118707},
  year={2023},
  publisher={Elsevier}
}
@article{kim2022short,
  title={Short-term prediction of particulate matter (PM10 and PM2. 5) in Seoul, South Korea using tree-based machine learning algorithms},
  author={Kim, Bu-Yo and Lim, Yun-Kyu and Cha, Joo Wan},
  journal={Atmospheric Pollution Research},
  volume={13},
  number={10},
  pages={101547},
  year={2022},
  publisher={Elsevier}
}
@article{lee2021potential,
  title={Potential role of urban forest in removing PM2. 5: A case study in Seoul by deep learning with satellite data},
  author={Lee, Ahreum and Jeong, Sujong and Joo, Jaewon and Park, Chan-Ryul and Kim, Jhoon and Kim, Sookyung},
  journal={Urban Climate},
  volume={36},
  pages={100795},
  year={2021},
  publisher={Elsevier}
}
@article{samal2021multi,
  title={Multi-directional temporal convolutional artificial neural network for PM2. 5 forecasting with missing values: A deep learning approach},
  author={Samal, K Krishna Rani and Babu, Korra Sathya and Das, Santos Kumar},
  journal={Urban Climate},
  volume={36},
  pages={100800},
  year={2021},
  publisher={Elsevier}
}
@article{kurnaz2022prediction,
  title={Prediction of SO2 and PM10 air pollutants using a deep learning-based recurrent neural network: Case of industrial city Sakarya},
  author={Kurnaz, Gamze and Demir, Alparslan Serhat},
  journal={Urban Climate},
  volume={41},
  pages={101051},
  year={2022},
  publisher={Elsevier}
}
@article{das2022prediction,
  title={Prediction of air pollutants for air quality using deep learning methods in a metropolitan city},
  author={Das, Bihter and Dursun, {\"O}mer Osman and Toraman, Suat},
  journal={Urban Climate},
  volume={46},
  pages={101291},
  year={2022},
  publisher={Elsevier}
}
@article{natsagdorj2023prediction,
  title={Prediction of PM2. 5 concentration in Ulaanbaatar with deep learning models},
  author={Natsagdorj, Narantsogt and Zhou, Haijun and others},
  journal={Urban Climate},
  volume={47},
  pages={101357},
  year={2023},
  publisher={Elsevier}
}
@article{eren2023predicting,
  title={Predicting next hour fine particulate matter (PM2. 5) in the Istanbul Metropolitan City using deep learning algorithms with time windowing strategy},
  author={Eren, Beytullah and Aksang{\"u}r, {\.I}pek and Erden, Caner},
  journal={Urban Climate},
  volume={48},
  pages={101418},
  year={2023},
  publisher={Elsevier}
}
%@article{zhu2023deep,
 % title={Deep learning method for minimizing water pollution and air pollution in urban environment},
 % author={Zhu, Lingling and Husny, Zuhra Junaida Binti Mohamad and Samsudin, Noor Aimran and Xu, HaiPeng and Han, Chongyong},
 % journal={Urban Climate},
  %volume={49},
  %pages={101486},
%  year={2023},
 % publisher={Elsevier}
%}

@article{ma2019improving,
  title={Improving air quality prediction accuracy at larger temporal resolutions using deep learning and transfer learning techniques},
  author={Ma, Jun and Cheng, Jack CP and Lin, Changqing and Tan, Yi and Zhang, Jingcheng},
  journal={Atmospheric Environment},
  volume={214},
  pages={116885},
  year={2019},
  publisher={Elsevier}
}

@article{lee2018forecasting,
  title={Forecasting solar power using long-short term memory and convolutional neural networks},
  author={Lee, Woonghee and Kim, Keonwoo and Park, Junsep and Kim, Jinhee and Kim, Younghoon},
  journal={IEEE access},
  volume={6},
  pages={73068--73080},
  year={2018},
  publisher={IEEE}
}

@article{abedinia2018solar,
  title={Solar energy forecasting based on hybrid neural network and improved metaheuristic algorithm},
  author={Abedinia, Oveis and Amjady, Nima and Ghadimi, Noradin},
  journal={Computational Intelligence},
  volume={34},
  number={1},
  pages={241--260},
  year={2018},
  publisher={Wiley Online Library}
}

@article{abedinia2018solar,
  title={Solar energy forecasting based on hybrid neural network and improved metaheuristic algorithm},
  author={Abedinia, Oveis and Amjady, Nima and Ghadimi, Noradin},
  journal={Computational Intelligence},
  volume={34},
  number={1},
  pages={241--260},
  year={2018},
  publisher={Wiley Online Library}
}

@article{lee2018forecasting,
  title={Forecasting solar power using long-short term memory and convolutional neural networks},
  author={Lee, Woonghee and Kim, Keonwoo and Park, Junsep and Kim, Jinhee and Kim, Younghoon},
  journal={IEEE access},
  volume={6},
  pages={73068--73080},
  year={2018},
  publisher={IEEE}
}

@article{zhang2018deep,
  title={Deep photovoltaic nowcasting},
  author={Zhang, Jinsong and Verschae, Rodrigo and Nobuhara, Shohei and Lalonde, Jean-Fran{\c{c}}ois},
  journal={Solar Energy},
  volume={176},
  pages={267--276},
  year={2018},
  publisher={Elsevier}
}
@article{wang2019comparison,
  title={A comparison of day-ahead photovoltaic power forecasting models based on deep learning neural network},
  author={Wang, Kejun and Qi, Xiaoxia and Liu, Hongda},
  journal={Applied Energy},
  volume={251},
  pages={113315},
  year={2019},
  publisher={Elsevier}
}

@article{lee2019deep,
  title={Deep Learning Based Prediction Method of Long-term Photovoltaic Power Generation Using Meteorological and Seasonal Information},
  author={Lee, Donghun and Kim, Kwanho},
  journal={Journal of Society for e-Business Studies},
  volume={24},
  number={1},
  year={2019}
}

@article{torres2019big,
  title={Big data solar power forecasting based on deep learning and multiple data sources},
  author={Torres, Jos{\'e} F and Troncoso, Alicia and Koprinska, Irena and Wang, Zheng and Mart{\'\i}nez-{\'A}lvarez, Francisco},
  journal={Expert Systems},
  volume={36},
  number={4},
  pages={e12394},
  year={2019},
  publisher={Wiley Online Library}
}
@article{hu2021short,
  title={Short-term load forecasting using multimodal evolutionary algorithm and random vector functional link network based ensemble learning},
  author={Hu, Yi and Qu, Boyang and Wang, Jie and Liang, Jing and Wang, Yanli and Yu, Kunjie and Li, Yaxin and Qiao, Kangjia},
  journal={Applied Energy},
  volume={285},
  pages={116415},
  year={2021},
  publisher={Elsevier}
}

@article{husein2019day,
  title={Day-ahead solar irradiance forecasting for microgrids using a long short-term memory recurrent neural network: A deep learning approach},
  author={Husein, Munir and Chung, Il-Yop},
  journal={Energies},
  volume={12},
  number={10},
  pages={1856},
  year={2019},
  publisher={MDPI}
}

@inproceedings{de2019solar,
  title={Solar pv power prediction using a new approach based on hybrid deep neural network},
  author={de Jes{\'u}s, Dan A Rosa and Mandal, Paras and Chakraborty, Shantanu and Senjyu, Tomonobu},
  booktitle={2019 IEEE Power \& Energy Society General Meeting (PESGM)},
  pages={1--5},
  year={2019},
  organization={IEEE}
}

@article{li2020hybrid,
  title={A hybrid deep learning model for short-term PV power forecasting},
  author={Li, Pengtao and Zhou, Kaile and Lu, Xinhui and Yang, Shanlin},
  journal={Applied Energy},
  volume={259},
  pages={114216},
  year={2020},
  publisher={Elsevier}
}

@article{wang2018wavelet,
  title={Wavelet decomposition and convolutional LSTM networks based improved deep learning model for solar irradiance forecasting},
  author={Wang, Fei and Yu, Yili and Zhang, Zhanyao and Li, Jie and Zhen, Zhao and Li, Kangping},
  journal={applied sciences},
  volume={8},
  number={8},
  pages={1286},
  year={2018},
  publisher={MDPI}
}

@inproceedings{niu2017recurrent,
  title={Recurrent neural network based deep learning for solar radiation prediction},
  author={Niu, Fuxin and O’Neill, Zheng},
  booktitle={Proceedings of the 15th IBPSA Conference, San Francisco, CA, USA},
  pages={7--9},
  year={2017}
}

@article{cao2005forecast,
  title={Forecast of solar irradiance using recurrent neural networks combined with wavelet analysis},
  author={Cao, Shuanghua and Cao, Jiacong},
  journal={Applied Thermal Engineering},
  volume={25},
  number={2-3},
  pages={161--172},
  year={2005},
  publisher={Elsevier}
}

@article{qing2018hourly,
  title={Hourly day-ahead solar irradiance prediction using weather forecasts by LSTM},
  author={Qing, Xiangyun and Niu, Yugang},
  journal={Energy},
  volume={148},
  pages={461--468},
  year={2018},
  publisher={Elsevier}
}













































































