@article{cifuentes2020air,
  title={Air temperature forecasting using machine learning techniques: a review},
  author={Cifuentes, Jenny and Marulanda, Geovanny and Bello, Antonio and Reneses, Javier},
  journal={Energies},
  volume={13},
  number={16},
  pages={4215},
  year={2020},
  publisher={MDPI}
}
@article{abdel2004hourly,
  title={Hourly temperature forecasting using abductive networks},
  author={Abdel-Aal, Radwan E},
  journal={Engineering Applications of Artificial Intelligence},
  volume={17},
  number={5},
  pages={543--556},
  year={2004},
  publisher={Elsevier}
}
@INPROCEEDINGS{2019AGUFMGC33A..05P,
       author = {{Prabhat}, M. and {Kashinath}, K. and {Wehner}, M.~F. and {Collins}, W.~D.},
        title = "{Deep Learning for Extreme Weather Detection}",
     keywords = {0555 Neural networks, fuzzy logic, machine learning, COMPUTATIONAL GEOPHYSICS, 1626 Global climate models, GLOBAL CHANGE, 1942 Machine learning, INFORMATICS, 4313 Extreme events, NATURAL HAZARDS},
    booktitle = {AGU Fall Meeting Abstracts},
         year = 2019,
       volume = {2019},
        month = dec,
          eid = {GC33A-05},
        pages = {GC33A-05},
       adsurl = {https://ui.adsabs.harvard.edu/abs/2019AGUFMGC33A..05P},
      adsnote = {Provided by the SAO/NASA Astrophysics Data System}
}
@article{salinas2020deepar,
  title={DeepAR: Probabilistic forecasting with autoregressive recurrent networks},
  author={Salinas, David and Flunkert, Valentin and Gasthaus, Jan and Januschowski, Tim},
  journal={International Journal of Forecasting},
  volume={36},
  number={3},
  pages={1181--1191},
  year={2020},
  publisher={Elsevier}
}

@article{bib1,
  author		= "Campbell, S. L. and Gear, C. W.",
  title			= "The index of general nonlinear {D}{A}{E}{S}",
  journal		= "Numer. {M}ath.",
  volume		= "72",
  number		= "2",
  pages			= "173--196",
  year			= "1995"
}
@inproceedings{li2019deep,
  title={Deep learning with long short-term memory networks for air temperature predictions},
  author={Li, Cong and Zhang, Yaonan and Zhao, Guohui},
  booktitle={2019 International Conference on Artificial Intelligence and Advanced Manufacturing (AIAM)},
  pages={243--249},
  year={2019},
  organization={IEEE}
}
@article{thi2020deep,
  title={Deep learning-based maximum temperature forecasting assisted with meta-learning for hyperparameter optimization},
  author={Thi Kieu Tran, Trang and Lee, Taesam and Shin, Ju-Young and Kim, Jong-Suk and Kamruzzaman, Mohamad},
  journal={Atmosphere},
  volume={11},
  number={5},
  pages={487},
  year={2020},
  publisher={MDPI}
}


@article{xiao2019spatiotemporal,
  title={A spatiotemporal deep learning model for sea surface temperature field prediction using time-series satellite data},
  author={Xiao, Changjiang and Chen, Nengcheng and Hu, Chuli and Wang, Ke and Xu, Zewei and Cai, Yaping and Xu, Lei and Chen, Zeqiang and Gong, Jianya},
  journal={Environmental Modelling \& Software},
  volume={120},
  pages={104502},
  year={2019},
  publisher={Elsevier}
}
@article{shrivastava2022deep,
  title={Deep learning model for temperature prediction: an empirical study},
  author={Shrivastava, Virendra Kumar and Shrivastava, Aastik and Sharma, Nonita and Mohanty, Sachi Nandan and Pattanaik, Chinmaya Ranjan},
  journal={Modeling Earth Systems and Environment},
  pages={1--14},
  year={2022},
  publisher={Springer}
}
@inproceedings{hrithik2022classification,
  title={Classification of Fruit Plants Leaf and Comparative Analysis of Machine Learning and Deep Learning Algorithms},
  author={Hrithik, Aaryan Kumar and Kumar, Vipin},
  booktitle={2022 International Conference on Computing, Communication, and Intelligent Systems (ICCCIS)},
  pages={673--680},
  year={2022},
  organization={IEEE}
}
@article{singh2011time,
  title={Time series based temperature prediction using back propagation with genetic algorithm technique},
  author={Singh, Shaminder and Bhambri, Pankaj and Gill, Jasmeen},
  journal={International Journal of Computer Science Issues (IJCSI)},
  volume={8},
  number={5},
  pages={28},
  year={2011},
  publisher={Citeseer}
}
@article{XIAO2019111358,
title = {Short and mid-term sea surface temperature prediction using time-series satellite data and LSTM-AdaBoost combination approach},
journal = {Remote Sensing of Environment},
volume = {233},
pages = {111358},
year = {2019},
issn = {0034-4257},
doi = {https://doi.org/10.1016/j.rse.2019.111358},
url = {https://www.sciencedirect.com/science/article/pii/S0034425719303773},
author = {Changjiang Xiao and Nengcheng Chen and Chuli Hu and Ke Wang and Jianya Gong and Zeqiang Chen},
}
@article{xu2019improving,
  title={Improving prediction performance for indoor temperature in public buildings based on a novel deep learning method},
  author={Xu, Chengliang and Chen, Huanxin and Wang, Jiangyu and Guo, Yabin and Yuan, Yue},
  journal={Building and Environment},
  volume={148},
  pages={128--135},
  year={2019},
  publisher={Elsevier}
}
@article{tabrizi2021hourly,
  title={Hourly road pavement surface temperature forecasting using deep learning models},
  author={Tabrizi, Sepideh Emami and Xiao, Kai and Th{\'e}, Jesse Van Griensven and Saad, Muhammad and Farghaly, Hani and Yang, Simon X and Gharabaghi, Bahram},
  journal={Journal of Hydrology},
  volume={603},
  pages={126877},
  year={2021},
  publisher={Elsevier}
}
@article{qiu2021river,
  title={River water temperature forecasting using a deep learning method},
  author={Qiu, Rujian and Wang, Yuankun and Rhoads, Bruce and Wang, Dong and Qiu, Wenjie and Tao, Yuwei and Wu, Jichun},
  journal={Journal of Hydrology},
  volume={595},
  pages={126016},
  year={2021},
  publisher={Elsevier}
}
@article{guillen2020deep,
  title={A deep learning model to predict lower temperatures in agriculture},
  author={Guill{\'e}n-Navarro, Miguel A and Mart{\'\i}nez-Espa{\~n}a, Raquel and Llanes, Antonio and Bueno-Crespo, Andr{\'e}s and Cecilia, Jos{\'e} M},
  journal={Journal of Ambient Intelligence and Smart Environments},
  volume={12},
  number={1},
  pages={21--34},
  year={2020},
  publisher={IOS Press}
}