@article{qin2019novel,
  title={A novel combined prediction scheme based on CNN and LSTM for urban PM 2.5 concentration},
  author={Qin, Dongming and Yu, Jian and Zou, Guojian and Yong, Ruihan and Zhao, Qin and Zhang, Bo},
  journal={Ieee Access},
  volume={7},
  pages={20050--20059},
  year={2019},
  publisher={IEEE}
}
@article{li2017long,
  title={Long short-term memory neural network for air pollutant concentration predictions: Method development and evaluation},
  author={Li, Xiang and Peng, Ling and Yao, Xiaojing and Cui, Shaolong and Hu, Yuan and You, Chengzeng and Chi, Tianhe},
  journal={Environmental pollution},
  volume={231},
  pages={997--1004},
  year={2017},
  publisher={Elsevier}
}
@article{du2019deep,
  title={Deep air quality forecasting using hybrid deep learning framework},
  author={Du, Shengdong and Li, Tianrui and Yang, Yan and Horng, Shi-Jinn},
  journal={IEEE Transactions on Knowledge and Data Engineering},
  volume={33},
  number={6},
  pages={2412--2424},
  year={2019},
  publisher={IEEE}
}
@article{nath2021long,
  title={Long-term time-series pollution forecast using statistical and deep learning methods},
  author={Nath, Pritthijit and Saha, Pratik and Middya, Asif Iqbal and Roy, Sarbani},
  journal={Neural Computing and Applications},
  pages={1--20},
  year={2021},
  publisher={Springer}
}

@article{pruthi2022low,
  title={Low-cost nature-inspired deep learning system for PM2. 5 forecast over Delhi, India},
  author={Pruthi, Dimple and Liu, Yang},
  journal={Environment International},
  volume={166},
  pages={107373},
  year={2022},
  publisher={Elsevier}
}
@article{li2023nested,
  title={A nested machine learning approach to short-term PM2. 5 prediction in metropolitan areas using PM2. 5 data from different sensor networks},
  author={Li, Jing and Crooks, James and Murdock, Jennifer and de Souza, Priyanka and Hohsfield, Kirk and Obermann, Bill and Stockman, Tehya},
  journal={Science of The Total Environment},
  volume={873},
  pages={162336},
  year={2023},
  publisher={Elsevier}
}


@article{menares2021forecasting,
  title={Forecasting PM2. 5 levels in Santiago de Chile using deep learning neural networks},
  author={Menares, Camilo and Perez, Patricio and Parraguez, Santiago and Fleming, Zo{\"e} L},
  journal={Urban Climate},
  volume={38},
  pages={100906},
  year={2021},
  publisher={Elsevier}
}
@article{zhu2023investigation,
  title={Investigation of nearby monitoring station for hourly PM2. 5 forecasting using parallel multi-input 1D-CNN-biLSTM},
  author={Zhu, Mingying and Xie, Jie},
  journal={Expert Systems with Applications},
  volume={211},
  pages={118707},
  year={2023},
  publisher={Elsevier}
}
@article{kim2022short,
  title={Short-term prediction of particulate matter (PM10 and PM2. 5) in Seoul, South Korea using tree-based machine learning algorithms},
  author={Kim, Bu-Yo and Lim, Yun-Kyu and Cha, Joo Wan},
  journal={Atmospheric Pollution Research},
  volume={13},
  number={10},
  pages={101547},
  year={2022},
  publisher={Elsevier}
}
@article{lee2021potential,
  title={Potential role of urban forest in removing PM2. 5: A case study in Seoul by deep learning with satellite data},
  author={Lee, Ahreum and Jeong, Sujong and Joo, Jaewon and Park, Chan-Ryul and Kim, Jhoon and Kim, Sookyung},
  journal={Urban Climate},
  volume={36},
  pages={100795},
  year={2021},
  publisher={Elsevier}
}
@article{samal2021multi,
  title={Multi-directional temporal convolutional artificial neural network for PM2. 5 forecasting with missing values: A deep learning approach},
  author={Samal, K Krishna Rani and Babu, Korra Sathya and Das, Santos Kumar},
  journal={Urban Climate},
  volume={36},
  pages={100800},
  year={2021},
  publisher={Elsevier}
}
@article{kurnaz2022prediction,
  title={Prediction of SO2 and PM10 air pollutants using a deep learning-based recurrent neural network: Case of industrial city Sakarya},
  author={Kurnaz, Gamze and Demir, Alparslan Serhat},
  journal={Urban Climate},
  volume={41},
  pages={101051},
  year={2022},
  publisher={Elsevier}
}
@article{das2022prediction,
  title={Prediction of air pollutants for air quality using deep learning methods in a metropolitan city},
  author={Das, Bihter and Dursun, {\"O}mer Osman and Toraman, Suat},
  journal={Urban Climate},
  volume={46},
  pages={101291},
  year={2022},
  publisher={Elsevier}
}
@article{natsagdorj2023prediction,
  title={Prediction of PM2. 5 concentration in Ulaanbaatar with deep learning models},
  author={Natsagdorj, Narantsogt and Zhou, Haijun and others},
  journal={Urban Climate},
  volume={47},
  pages={101357},
  year={2023},
  publisher={Elsevier}
}
@article{eren2023predicting,
  title={Predicting next hour fine particulate matter (PM2. 5) in the Istanbul Metropolitan City using deep learning algorithms with time windowing strategy},
  author={Eren, Beytullah and Aksang{\"u}r, {\.I}pek and Erden, Caner},
  journal={Urban Climate},
  volume={48},
  pages={101418},
  year={2023},
  publisher={Elsevier}
}
@article{zhu2023deep,
  title={Deep learning method for minimizing water pollution and air pollution in urban environment},
  author={Zhu, Lingling and Husny, Zuhra Junaida Binti Mohamad and Samsudin, Noor Aimran and Xu, HaiPeng and Han, Chongyong},
  journal={Urban Climate},
  volume={49},
  pages={101486},
  year={2023},
  publisher={Elsevier}
}
@article{ma2019improving,
  title={Improving air quality prediction accuracy at larger temporal resolutions using deep learning and transfer learning techniques},
  author={Ma, Jun and Cheng, Jack CP and Lin, Changqing and Tan, Yi and Zhang, Jingcheng},
  journal={Atmospheric Environment},
  volume={214},
  pages={116885},
  year={2019},
  publisher={Elsevier}
}
